@article {Queipo_2005,
authors = "Queipo, N.V and Haftka, R.T and Shyy, W. and Goel, T. and Vaidyanathan, R. and Tucker, P.K.",
title = "Surrogate-based analysis and optimization",
journal = "Progress in Aerospace Sciences",
year = 2005,
volume = 41,
pages = "1-28"
}

@inproceedings {Simpson_2008,
authors = "Simpson, TW and Toropov, V and Balabanov, V and Viana, FAC",
title = {Design and analysis of computer experiments in multidisciplinary design optimization: a review of how we have comeâ€”or not.},
series = "AIAA/ISSMO",
booktitle = "12th AIAA/ISSMO multidisciplinary analysis and optimization conference",
year = 2008,
}

@article{Sacks_1989,
    author = "Sacks, Jerome and Welch, William J. and Mitchell, Toby J. and Wynn, Henry P.",
    doi = "10.1214/ss/1177012413",
    fjournal = "Statistical Science",
    journal = "Statist. Sci.",
    month = "11",
    number = "4",
    pages = "409--423",
    publisher = "The Institute of Mathematical Statistics",
    title = "Design and Analysis of Computer Experiments",
    url = "http://dx.doi.org/10.1214/ss/1177012413",
    volume = "4",
    year = "1989"
}

@book{forrester2008engineering,
      title={Engineering Design via Surrogate Modelling: A Practical Guide},
     author={Forrester, A. and Sobester, A. and Keane, A.},
      isbn={9780470770795},
      url={https://books.google.com/books?id=ulMHmeMnRCcC},
      year={2008},
      publisher={Wiley}
}

@article{forrester2009recent,
      title={Recent advances in surrogate-based optimization},
      author={Forrester, Alexander IJ and Keane, Andy J},
      journal={Progress in Aerospace Sciences},
      volume={45},
      number={1},
      pages={50--79},
      year={2009},
      publisher={Elsevier}
}

@ARTICLE{Petri:2015,
    author = {{Petri}, A. and {Liu}, J. and {Haiman}, Z. and {May}, M. and {Hui}, L. and {Kratochvil}, J.~M.},
    title = "{Emulating the CFHTLenS weak lensing data: Cosmological constraints from moments and Minkowski functionals}",
    journal = {\prd},
    archivePrefix = "arXiv",
    eprint = {1503.06214},
    keywords = {Cosmology, Relativity and gravitation, Dark energy, Gravitational lenses and luminous arcs},
    year = 2015,
    month = may,
    volume = 91,
    number = 10,
    eid = {103511},
    pages = {103511},
    doi = {10.1103/PhysRevD.91.103511},
    adsurl = {http://adsabs.harvard.edu/abs/2015PhRvD..91j3511P},
    adsnote = {Provided by the SAO/NASA Astrophysics Data System}
}
   
@ARTICLE{Liu:2015,
    author = {{Liu}, J. and {Petri}, A. and {Haiman}, Z. and {Hui}, L. and {Kratochvil}, J.~M. and {May}, M.},
    title = "{Cosmology constraints from the weak lensing peak counts and the power spectrum in CFHTLenS data}",
    journal = {\prd},
    archivePrefix = "arXiv",
    eprint = {1412.0757},
    keywords = {Cosmology, Relativity and gravitation, Dark energy, Gravitational lenses and luminous arcs},
    year = 2015,
    month = mar,
    volume = 91,
    number = 6,
    eid = {063507},
    pages = {063507},
    doi = {10.1103/PhysRevD.91.063507},
    adsurl = {http://adsabs.harvard.edu/abs/2015PhRvD..91f3507L},
    adsnote = {Provided by the SAO/NASA Astrophysics Data System}
}


@ARTICLE{Heitmann:2009,
   author = {{Heitmann}, K. and {Higdon}, D. and {White}, M. and {Habib}, S. and 
	{Williams}, B.~J. and {Lawrence}, E. and {Wagner}, C.},
    title = "{The Coyote Universe. II. Cosmological Models and Precision Emulation of the Nonlinear Matter Power Spectrum}",
  journal = {\apj},
archivePrefix = "arXiv",
   eprint = {0902.0429},
 primaryClass = "astro-ph.CO",
 keywords = {large-scale structure of universe, methods: statistical},
     year = 2009,
    month = nov,
   volume = 705,
    pages = {156-174},
      doi = {10.1088/0004-637X/705/1/156},
   adsurl = {http://adsabs.harvard.edu/abs/2009ApJ...705..156H},
  adsnote = {Provided by the SAO/NASA Astrophysics Data System}
}

